<record><leader>03263cam a2200385 a 4500</leader><controlfield tag="001">6765841</controlfield><controlfield tag="003">OCoLC</controlfield><controlfield tag="005">20141212162342.0</controlfield><controlfield tag="008">140115s2015    enka     b    101 0 eng  </controlfield><datafield ind1=" " ind2=" " tag="015"><subfield code="a">GBB474433</subfield><subfield code="2">bnb</subfield></datafield><datafield ind1=" " ind2=" " tag="020"><subfield code="a">1138021423</subfield></datafield><datafield ind1=" " ind2=" " tag="020"><subfield code="a">9781138021426</subfield></datafield><datafield ind1=" " ind2=" " tag="035"><subfield code="a">ocn891979837</subfield></datafield><datafield ind1=" " ind2=" " tag="040"><subfield code="a">AU@</subfield><subfield code="b">eng</subfield><subfield code="c">AU@</subfield><subfield code="d">YDXCP</subfield><subfield code="d">OCLCO</subfield><subfield code="d">OCLCQ</subfield><subfield code="d">ELW</subfield><subfield code="d">UAB</subfield></datafield><datafield ind1=" " ind2="4" tag="050"><subfield code="a">P118</subfield><subfield code="b">.A93 2015</subfield></datafield><datafield ind1="0" ind2="4" tag="082"><subfield code="a">401/.9</subfield><subfield code="2">23</subfield></datafield><datafield ind1=" " ind2=" " tag="090"><subfield code="a">P 118 A93 2015</subfield><subfield code="b">AEU</subfield></datafield><datafield ind1="0" ind2="0" tag="245"><subfield code="a">Awareness matters :</subfield><subfield code="b">language, culture, literacy /</subfield><subfield code="c">edited by Claudia Finkbeiner and Agneta M.-L. Svalberg.</subfield></datafield><datafield ind1=" " ind2=" " tag="260"><subfield code="a">London ;</subfield><subfield code="a">New York :</subfield><subfield code="b">Routledge,</subfield><subfield code="c">2015.</subfield></datafield><datafield ind1=" " ind2=" " tag="300"><subfield code="a">xi, 239 pages :</subfield><subfield code="b">illustrations ;</subfield><subfield code="c">26 cm</subfield></datafield><datafield ind1=" " ind2=" " tag="336"><subfield code="a">text</subfield><subfield code="b">txt</subfield><subfield code="2">rdacontent</subfield></datafield><datafield ind1=" " ind2=" " tag="337"><subfield code="a">unmediated</subfield><subfield code="b">n</subfield><subfield code="2">rdamedia</subfield></datafield><datafield ind1=" " ind2=" " tag="338"><subfield code="a">volume</subfield><subfield code="b">nc</subfield><subfield code="2">rdacarrier</subfield></datafield><datafield ind1=" " ind2=" " tag="500"><subfield code="a">"A selection of papers presented at the 10th International Conference of the Association for Language Awareness (ALA), held at the University of Kassel, Germany, 25-28 July 2010. The conference theme was 'Awareness matters: language, culture, literacy'"--Page 1.</subfield></datafield><datafield ind1=" " ind2=" " tag="504"><subfield code="a">Includes bibliographical references and index.</subfield></datafield><datafield ind1="0" ind2=" " tag="505"><subfield code="a">Introduction / Claudia Finkbeiner and Agneta M.-L. Svalberg -- Language awareness and (critical) cultural awareness: relationships, comparisons and contrasts / Michael Byram -- Languages in primary classrooms: a study of new teacher capability and practice / Wasyl Cajkler and Bernadette Hall -- Coloured language: identity perception of children in bilingual programmes / Beth Martin -- Self-regulated cooperative EFL reading tasks: students' strategy use and teachers' support / Claudia Finkbeiner, Markus Knierim, Marc Smasal, and Peter H. Ludwig -- Awareness development for online reading / Victoria Zenotz -- The impact of fluency strategy training on Iranian EFL learners' speech under online planning conditions / Zohreh Seifoori and Zahra Vahidi -- Teacher language awareness and cognitive linguistics (CL): building a CL-inspired perspective on teaching lexis in EFL student teachers / Ralf Giessler -- Peer interaction, cognitive conflict, and anxiety on a Grammar Awareness course for language teachers / Agneta Marie-Louise Svalberg -- Raising language awareness in peer interaction: a cross-context, cross-methodology examination / Masatoshi Sato and Susan Ballinger -- Cognate awareness-raising in late childhood: teachable and useful / Joanna L. White and Marlise Horst -- Grapho-morphological awareness in Spanish L2 reading: how do learners use this metalinguistic skill? / Nausica Marcos Miguel -- Language awareness as a challenge for business / Reinhard H&#252;nerberg and Andrea Geile.</subfield></datafield><datafield ind1=" " ind2=" " tag="596"><subfield code="a">16 41</subfield></datafield><datafield ind1=" " ind2="0" tag="650"><subfield code="a">Language awareness</subfield><subfield code="v">Congresses.</subfield></datafield><datafield ind1=" " ind2="0" tag="650"><subfield code="a">Language awareness in children</subfield><subfield code="v">Congresses.</subfield></datafield><datafield ind1="1" ind2=" " tag="700"><subfield code="a">Finkbeiner, Claudia,</subfield><subfield code="e">editor.</subfield></datafield><datafield ind1="1" ind2=" " tag="700"><subfield code="a">Svalberg, Agneta M.-L.,</subfield><subfield code="e">editor.</subfield></datafield><datafield ind1="2" ind2=" " tag="710"><subfield code="a">Association for Language Awareness.</subfield><subfield code="b">Conference</subfield><subfield code="n">(10th :</subfield><subfield code="d">2010 :</subfield><subfield code="c">Universit&#228;t Gesamthochschule Kassel)</subfield></datafield><datafield ind1=" " ind2=" " tag="949"><subfield code="a">P 118 A93 2015</subfield><subfield code="c">1</subfield><subfield code="h">UAAU-B</subfield><subfield code="i">0162035208600</subfield></datafield><datafield ind1=" " ind2=" " tag="926"><subfield code="a">P 118 A93 2015</subfield><subfield code="w">LC</subfield><subfield code="c">1</subfield><subfield code="i">0162035206604</subfield><subfield code="d">6/13/2016</subfield><subfield code="e">5/11/2016</subfield><subfield code="l">FLOOR_2</subfield><subfield code="m">UAEDUC</subfield><subfield code="n">1</subfield><subfield code="p">$150.00</subfield><subfield code="r">Y</subfield><subfield code="s">Y</subfield><subfield code="t">BOOK</subfield><subfield code="u">1/6/2015</subfield></datafield><datafield ind1=" " ind2=" " tag="926"><subfield code="a">P 118 A93 2015</subfield><subfield code="w">LC</subfield><subfield code="c">1</subfield><subfield code="i">0162035208600</subfield><subfield code="l">ON_SHELF</subfield><subfield code="m">UAAUG</subfield><subfield code="p">$150.00</subfield><subfield code="r">Y</subfield><subfield code="s">Y</subfield><subfield code="t">BOOK</subfield><subfield code="u">1/6/2015</subfield></datafield></record>